2916 4732
228 1197 256 1258 1.
289 1195 323 1259 Si
346 1213 453 1258 verum
478 1200 526 1260 est
548 1196 857 1260 commentationibus
878 1197 915 1260 de
939 1198 1130 1277 singulorum
1154 1199 1335 1280 scriptorum

119 1320 230 1381 genere
255 1301 377 1365 dicendi
399 1321 460 1365 non
484 1303 583 1365 solum
607 1305 706 1364 artem
733 1304 969 1382 grammaticam
994 1303 1140 1378 adiuvari,
1165 1303 1335 1368 sedetiam
1408 1285 1412 1300 ’

118 1426 208 1490 saepe
233 1407 273 1470 ad
298 1407 455 1488 scriptoris
479 1408 671 1491 condiciones
695 1411 724 1471 et
743 1408 823 1471 vitae
840 1411 871 1471 et
894 1410 989 1471 animi
1013 1409 1162 1472 eruendas
1185 1428 1335 1492 operaque

117 1512 304 1577 illustranda
333 1532 484 1594 magnum
521 1513 632 1578 adferri
662 1516 865 1588 momentum,
903 1513 978 1576 illud
1011 1515 1160 1578 latissime
1188 1518 1274 1598 patet
1302 1518 1335 1580 in

118 1619 295 1700 quaestione
326 1619 363 1682 de
393 1617 549 1683 Lactantii
578 1638 688 1700 genere
718 1618 838 1682 dicendi
873 1620 1072 1684 instituenda.
1119 1620 1207 1700 Quod
1235 1623 1336 1703 colligi

117 1728 217 1808 potest
232 1725 279 1789 vel
302 1724 437 1788 maxime
461 1744 497 1789 ex
520 1725 573 1788 lite
599 1743 678 1806 quae
702 1725 739 1788 de
763 1729 890 1788 auctore
913 1726 981 1789 libri
998 1727 1050 1807 qui
1066 1727 1179 1791 dicitur
1201 1728 1243 1822 tL.
1262 1726 1336 1792 Cae-

117 1832 178 1896 cilii
210 1831 247 1894 de
285 1831 437 1894 mortibus
470 1817 713 1913 persecutorum’
745 1830 863 1893 iamdiu
900 1835 1003 1895 exorta
1032 1851 1115 1896 nunc
1144 1833 1181 1897 de
1218 1834 1335 1914 integro

118 1938 240 2002 animos
265 1937 453 2001 eruditorum
479 1938 523 2001 ita
545 1938 697 2012 excitavit,
721 1945 757 2000 ut
780 1938 931 2001 sententia
955 1938 1080 2002 alterius
1104 1939 1191 2002 alteri
1212 1959 1335 2021 prorsus

116 2044 271 2108 contraria
302 2063 367 2108 esse
391 2043 540 2108 videatur.
586 2043 678 2118 Nam,
708 2043 852 2125 quoniam
885 2063 920 2107 ex
951 2043 1050 2107 verbis
1074 2043 1230 2108 Luctantii
1260 2047 1335 2128 ipsis

117 2170 180 2214 non
196 2150 335 2214 multum
357 2149 486 2214 conferri
502 2153 603 2232 potest
619 2149 699 2231 quod
719 2149 757 2212 ad
781 2150 866 2212 illam
884 2150 1094 2231 quaestionem
1110 2150 1335 2216 dissolvendam

119 2258 229 2333 valeat,
252 2258 347 2321 etiam
378 2257 410 2320 in
441 2275 539 2336 genus
563 2255 684 2320 dicendi
713 2260 744 2319 et
766 2255 922 2320 Lactantii
946 2258 982 2320 et
1006 2257 1139 2320 auctoris
1168 2258 1233 2321 eius
1256 2258 1335 2335 libri,

118 2363 156 2426 de
187 2382 246 2444 quo
276 2367 433 2427 certarnen
461 2362 506 2432 fit.
536 2361 720 2446 inquisitum
751 2366 807 2426 est.
855 2361 989 2441 Quinam
1019 2367 1067 2426 est
1095 2367 1221 2427 eventus
1252 2364 1335 2428 illius

117 2469 344 2550 inquisitionis?
389 2468 504 2531 Mirum
528 2467 659 2549 profecto
679 2467 807 2543 videtur,
831 2468 913 2550 quod
937 2468 976 2531 ad
999 2468 1221 2533 defendendam
1244 2489 1335 2535 suam

116 2578 248 2656 utraque
277 2593 347 2656 pars
380 2574 564 2639 sententiam
598 2578 720 2656 praeter
750 2574 826 2637 alias
850 2575 985 2638 rationes
1015 2575 1091 2639 illud
1116 2580 1334 2656 argumentum

116 2681 230 2761 profert
260 2680 339 2762 quod
374 2699 410 2744 ex
447 2699 558 2760 genere
590 2680 712 2744 dicendi
740 2681 805 2744 erui
841 2700 929 2762 posse
961 2680 1130 2746 existimet:
1165 2682 1216 2745 alii
1245 2682 1333 2746 illum

118 2787 232 2850 librum
256 2787 356 2851 simile
379 2786 501 2851 dicendi
524 2805 624 2866 genus
647 2805 721 2868 prae
745 2805 777 2850 se
808 2786 886 2850 ferre
910 2787 1108 2864 contendunt,
1139 2789 1191 2851 alii
1212 2792 1334 2871 propter

118 2893 175 2955 hoe
197 2892 298 2974 ipsum
322 2894 361 2956 ab
385 2911 419 2956 eo
443 2911 565 2975 prorsus
589 2892 829 2956 abiudicandum
860 2912 927 2957 esse
957 2897 1091 2958 censent.
1137 2893 1205 2973 Qua
1234 2913 1271 2958 ex
1300 2913 1333 2958 re

117 2998 309 3079 cognoscitur
332 2999 542 3080 quaestionem
565 2997 602 3060 de
625 3018 734 3079 genere
757 2998 877 3062 dicendi
894 2999 1096 3063 Lactantiano
1119 2999 1256 3063 nondum
1280 3000 1333 3063 ab·

117 3106 250 3168 solutam
281 3124 356 3170 esse.
404 3104 512 3186 ltaque
550 3105 629 3168 hanc
665 3105 877 3187 quaestionem
913 3104 949 3168 de
981 3106 1098 3186 integro
1133 3109 1225 3187 atque
1262 3125 1332 3170 eam

116 3213 215 3275 solam
238 3231 292 3294 per
316 3231 347 3276 se
371 3210 594 3275 instituendam
626 3231 691 3276 esse
715 3211 903 3274 arbitramur
927 3211 1002 3274 libro
1032 3211 1069 3276 de
1092 3212 1243 3275 mortibus
1267 3231 1333 3294 per·

117 3321 292 3382 secutorum
308 3317 454 3398 neglecto,
478 3322 514 3380 ut
536 3317 601 3380 sine
624 3318 670 3380 ira
694 3321 724 3380 et
740 3317 840 3380 studio
864 3317 1066 3381 contendatur
1081 3337 1164 3393 nere,
1188 3322 1224 3380 ut
1241 3336 1331 3399 saepe

116 3423 227 3498 euenit,
257 3423 452 3504 inquisitione
483 3423 618 3505 quadam
650 3424 794 3505 primaria
825 3422 995 3505 quidquam
1024 3423 1200 3487 detrimenti
1231 3424 1331 3505 capiat

116 3530 306 3604 secundaria,
345 3548 418 3593 cum
452 3549 540 3593 mens
577 3529 616 3591 ad
650 3530 831 3610 primariam
864 3529 905 3593 sit
942 3531 1035 3593 nimis
1071 3529 1198 3594 intenta.
1246 3529 1331 3592 Haec

116 3636 320 3711 considerans
344 3655 417 3699 cum
452 3654 502 3698 me
531 3635 570 3698 ad
601 3635 851 3714 investigandum
884 3654 1058 3699 sermonem
1083 3635 1237 3700 Lactantii
1266 3654 1336 3698 con-

115 3743 249 3817 tulerim,
286 3742 420 3824 primum
459 3741 669 3823 quaerendum
704 3759 771 3805 esse
808 3746 895 3805 ratus
936 3761 1015 3818 sum,
1063 3741 1136 3824 quid
1172 3746 1263 3806 antea
1300 3742 1337 3804 de
1406 3728 1408 3733 ⁴

114 3850 166 3911 illo
189 3848 361 3912 iudicatum
385 3848 432 3912 sit.

221 3974 250 4037 2.
287 3971 484 4053 Quamquam
514 3972 593 4036 inter
624 3973 784 4053 scriptores
815 3972 962 4037 ecclesiae
994 3972 1108 4034 latinae
1138 3990 1200 4034 nou
1223 3970 1336 4034 desunt

116 4079 167 4160 qui
192 4078 231 4142 ad
254 4078 347 4142 fidem
371 4077 571 4141 christianam
595 4076 821 4143 defendendam
844 4078 944 4141 multo
967 4077 1082 4141 maiore
1113 4095 1185 4140 curn
1215 4077 1336 4156 ingenio

116 4185 253 4266 adgressi
276 4184 344 4267 plus
369 4184 565 4261 contulerint,
589 4190 726 4250 attamen
751 4203 840 4249 nemo
864 4185 944 4248 inter
967 4202 1019 4247 eos
1043 4187 1090 4246 est
1114 4185 1168 4265 qui
1193 4185 1224 4246 in
1248 4185 1335 4244 tanto

1107 4310 1115 4355 r
