2916 4732
324 965 579 1079 Thesea
617 967 1123 1081 controversae.

163 1288 189 1351 1.
225 1285 386 1349 Lactantii
411 1286 512 1352 Divin.
537 1287 609 1350 inst.
635 1288 681 1351 VI
707 1291 757 1363 15,
784 1290 823 1352 10
853 1309 929 1367 „pro
952 1289 1119 1367 rapiditate
1150 1287 1340 1351 substituunt

277 1390 405 1476 (Stoica)
427 1392 621 1471 voluntatem,
645 1395 831 1474 quasivero
855 1413 919 1458 aon
942 1394 1034 1458 multo
1057 1396 1100 1458 sit
1116 1392 1336 1473 praestabilius

277 1497 389 1561 bonam
412 1519 522 1577 cupere
556 1520 651 1579 quam
678 1499 831 1584 [malam]
861 1499 952 1563 ceile“
982 1499 1138 1564 obiectum
1170 1498 1339 1587 „inuium‘g

275 1603 361 1685 quod
395 1603 569 1668 Brandtius
610 1606 700 1668 uncis
740 1605 885 1681 includit,
920 1605 1119 1669 retinendum
1159 1626 1226 1670 esse
1264 1625 1341 1669 con·

274 1708 439 1774 tenderim.

162 1835 191 1898 2.
226 1831 320 1896 Ratio
344 1833 506 1915 praecedit
529 1854 711 1910 sermonem,
736 1856 797 1898 non
824 1856 925 1899 sermo
949 1835 1114 1898 rationem.

162 1959 190 2022 3.
226 1955 280 2021 Sil.
305 1956 374 2020 Ital.
400 1957 507 2020 Punic.
532 1957 575 2020 IX
600 1961 663 2021 377
698 1980 755 2040 pro
787 1959 828 2021 iis
858 1979 939 2040 quae
969 1965 1043 2022 sunt
1070 1958 1104 2020 in
1133 1956 1224 2021 libris
1255 1955 1319 2036 „N
1323 1957 1343 2021 'l

275 2063 393 2126 decoris
416 2066 445 2126 si
466 2066 590 2127 assiat“
615 2063 781 2144 legendum
804 2085 952 2147 propono

160 2190 189 2252 4.
224 2186 279 2252 Sil.
303 2187 373 2252 Ital.
398 2187 506 2252 Punic.
534 2186 578 2249 VI
601 2189 642 2250 31
669 2208 714 2270 sq.
740 2188 784 2251 sic
807 2209 965 2270 propono:
989 2186 1083 2266 „Sea
1107 2185 1216 2250 subitis
1238 2187 1340 2250 victas

274 2291 350 2368 telio,
383 2292 518 2357 iubentia
547 2292 681 2358 memma
712 2293 887 2358 Prostram'i
924 2314 1017 2374 saper
1053 2297 1144 2373 utque
1173 2294 1339 2357 intenta

273 2403 398 2463 morte
420 2398 567 2480 tepebat.“

159 2525 187 2586 5.
222 2521 368 2605 Lycurgi,
392 2543 473 2604 quae
496 2521 653 2598 dicuntur,
683 2522 767 2603 leges
791 2544 853 2587 uon
884 2522 926 2588 ab
949 2543 1012 2586 uno
1035 2521 1162 2585 homine
1191 2520 1337 2603 scriptae,

274 2627 329 2691 sed
360 2627 493 2691 decursu
523 2635 701 2710 temporum
725 2649 742 2691 e
765 2628 893 2694 civitate
915 2627 1237 2693 Lacedaemoniorum
1260 2648 1337 2692 con-

272 2733 396 2798 dicione
419 2740 506 2797 ortas
529 2755 596 2798 esse
619 2734 842 2800 contenderim.

158 2861 186 2924 6.
220 2856 354 2921 Tribuni
386 2857 487 2939 plebis
518 2857 592 2920 inde
621 2856 662 2921 ab
693 2878 720 2923 a.
751 2861 813 2921 471
845 2878 872 2921 a.
898 2857 970 2922 Chr.
999 2879 1028 2923 n.
1060 2857 1203 2922 conciliis
1231 2855 1336 2940 plebis

270 2963 410 3040 tributis,
433 2985 497 3028 non
520 2963 656 3027 comitiis
679 2963 809 3029 tributis
833 2962 1033 3030 creabantur.
