2916 4732
738 208 757 269 3
833 199 836 204 .

135 417 220 481 velit.
266 417 332 480 Hoc
362 417 494 490 nominc,
524 417 549 480 61
586 417 766 498 simpliciter
797 417 903 491 uteris,
933 417 1131 497 significatur,
1162 416 1361 479 Lactantium

127 524 222 587 idem
259 541 356 604 genus
400 521 520 586 dicendi
563 522 739 586 adhibuisse
779 541 815 586 ac
858 521 1043 596 Ciceronem,
1084 520 1260 586 Ciceronem
1300 541 1362 585 non

137 629 264 712 quidem
293 647 361 692 esse
390 628 482 691 rebus
519 629 689 710 propositis,
727 628 781 691 sed
810 647 920 707 genere
949 627 1067 692 dicendi
1103 646 1162 709 quo
1193 647 1244 691 eas
1280 647 1363 691 com·

139 735 282 818 posuerit.
330 733 418 812 Quod
455 735 655 816 amplectitur
694 753 755 798 non
798 737 922 798 tantum
956 734 1137 797 facultatem
1175 753 1211 798 ac
1244 735 1362 816 copiam

136 840 260 906 dicendi
284 858 390 903 verum
414 841 509 903 etiarn
532 859 581 904 res
604 841 818 920 gammatieas.
866 839 954 918 Quod
978 840 1016 903 ad
1040 841 1126 903 illam
1157 840 1362 921 eloquentiam

138 947 253 1010 attinet
302 944 504 1009 Lactantium
554 946 663 1009 merito
708 944 885 1010 Ciceronem
932 945 1078 1028 appellari
1129 945 1270 1028 perfacile
1317 947 1364 1008 in-

140 1053 304 1132 tellegitur.
350 1050 432 1114 Nam
469 1051 532 1115 stili
568 1055 722 1129 venustae,
751 1053 913 1116 uerborum
948 1052 1147 1126 concinnitas,
1177 1052 1274 1116 ferror
1304 1052 1364 1114 elo-

139 1158 285 1240 quentiae
308 1157 453 1220 facillime
476 1157 645 1238 legentium
674 1158 777 1221 oculos
809 1159 968 1238 attingunt
991 1161 1022 1221 et
1049 1158 1215 1221 memoriae
1238 1157 1363 1220 audien·

139 1265 221 1326 tium
249 1263 410 1326 inhaerent
448 1263 678 1342 iucundissime.
731 1262 791 1326 Sed
823 1263 978 1326 difficilius
1015 1266 1062 1327 661
1098 1263 1135 1326 (16
1172 1265 1238 1327 6116
1261 1281 1364 1344 gram·

139 1369 257 1432 matica
285 1367 429 1442 iudicare,
461 1369 549 1432 cuius
579 1369 777 1450 proprietates
808 1368 865 1431 sub
895 1369 1083 1433 ornamentis
1107 1369 1250 1433 orationis
1274 1387 1363 1450 saepe

142 1476 242 1538 latent
276 1467 305 1538 61
342 1475 478 1554 legentes
512 1474 653 1556 perfacile
693 1474 825 1554 fugiunt.
879 1473 928 1538 lta
963 1475 1045 1538 enim
1079 1475 1197 1538 factum
1232 1479 1278 1538 661
1319 1478 1363 1548 ut,

140 1600 216 1644 cum
246 1581 283 1643 (16
313 1581 383 1644 61116
407 1579 611 1644 Lactantiano
641 1581 703 1643 ianr
735 1584 864 1654 exstent,
896 1581 1009 1662 quibus
1041 1579 1145 1644 Cicero
1175 1580 1362 1644 christianus

144 1687 368 1768 comprobetur,
399 1685 436 1750 (16
467 1687 563 1750 altera
592 1690 678 1767 parte
710 1688 829 1766 generis
860 1687 980 1750 dicendi
1013 1687 1190 1768 quaestione
1219 1688 1364 1769 peculiari

149 1793 285 1856 nondum
301 1793 462 1856 instituta1
486 1796 517 1856 et
538 1793 589 1855 illo
606 1793 728 1855 nomine
745 1793 783 1855 ad
800 1794 978 1855 universum
994 1811 1091 1872 genus
1108 1793 1230 1856 dicendi
1251 1794 1365 1857 relat02

144 1899 227 1962 idem
256 1899 429 1962 iudicatum
460 1900 508 1963 sit,
556 1898 643 1977 Quod
674 1899 823 1961 iudicium
851 1899 932 1962 iusto
964 1899 1029 1961 iure
1053 1898 1186 1963 offendet
1215 1919 1287 1963 eum
1311 1901 1365 1980 qui

146 2003 345 2068 Lactantium
374 2023 437 2068 non
467 2005 567 2068 solum
597 2006 629 2066 in
654 2003 807 2068 Ciceronis
839 2006 951 2086 scripta
976 2005 1028 2068 sed
1053 2005 1148 2068 etiam
1175 2005 1208 2068 in
1231 2003 1364 2077 Livium,

145 2110 340 2187 Sallustium,
363 2111 533 2190 Vergilium
556 2111 732 2191 multosque
761 2111 836 2173 alios
868 2111 1028 2192 scriptores
1060 2114 1089 2174 et
1113 2114 1217 2192 poetas
1240 2129 1365 2193 operam

144 2217 314 2280 contulisse
337 2217 518 2297 cognoverit.
564 2217 635 2279 Huc
658 2217 785 2291 accedit,
809 2216 889 2297 quod
919 2217 1085 2280 nonnullae
1109 2218 1303 2298 quaestiones
1327 2217 1365 2280 de

145 2341 299 2398 sermone,
324 2324 377 2404 qui
400 2322 521 2397 dieitur,
545 2322 647 2385 Africo
671 2327 702 2386 61
730 2323 936 2386 ecclesiastico
965 2326 1095 2396 exstant,
1127 2323 1296 2404 exquibus
1319 2325 1366 2387 in·

143 2429 301 2507 tellegitur
330 2448 426 2510 quam
454 2430 543 2509 longe
574 2429 690 2492 (11616111
714 2447 731 2491 a
756 2427 911 2508 Ciceronis
933 2423 1078 2492 'sermone
1101 2429 1155 2503 illi,
1181 2430 1365 2510 quibuscum

145 2535 327 2598 Lactantius
362 2535 493 2598 eandem
530 2535 592 2598 fere
629 2538 764 2598 aetatem
799 2536 994 2616 patriamqne
1030 2554 1226 2598 communem
1263 2536 1365 2599 habet.

146 2640 272 2704 lllorum
303 2642 427 2705 licentia
465 2641 589 2703 omnino
620 2660 722 2704 carere
756 2639 956 2704 Lactantium
986 2642 1056 2721 quis
1090 2645 1137 2704 est
1173 2642 1224 2722 qui
1256 2644 1366 2723 putet?

144 2747 248 2824 Quid?
299 2746 383 2810 Num
406 2746 490 2809 ullus
526 2747 655 2828 scriptor
678 2739 854 2827 aequalium
877 2747 1077 2828 proprietates
1107 2751 1207 2829 potest
1240 2766 1366 2828 prorsus

143 2853 299 2933 effugere?
350 2856 398 2916 An
432 2872 501 2916 vero
539 2854 563 2916 si
600 2854 718 2934 potuit,
752 2854 868 2916 voluit?
932 2852 1031 2930 Quam
1080 2855 1292 2934 quaestionem
1331 2857 1365 2915 ut

235 3120 237 3124 ·
254 3103 263 3131 ¹
283 3097 359 3164 Quod
377 3099 431 3152 iam
451 3099 570 3167 queritur
588 3097 750 3150 Kehroinius
769 3097 855 3173 1111116
874 3098 1009 3166 scripserit
1026 3097 1147 3150 libellum
1167 3099 1213 3165 qui
1232 3100 1272 3150 661
1289 3097 1367 3149 Lucii
1382 3103 1385 3109 '

144 3186 257 3240 Caecilii
284 3187 316 3240 (16
341 3188 470 3241 mortibus
495 3180 714 3255 persecutorum,
735 3187 798 3241 diss
824 3187 887 3255 phil.
908 3186 1019 3240 Monast.
1043 3185 1120 3253 1877,
1141 3203 1183 3255 pg.
1204 3186 1240 3254 2),
1265 3187 1310 3254 qui
1334 3186 1367 3238 ad

145 3276 214 3328 hanc
242 3276 380 3329 materiam
408 3277 565 3345 aggrediens
586 3275 773 3328 Bartholdium
800 3276 867 3328 dicit
896 3276 1012 3343 primum
1041 3275 1148 3343 quidem
1177 3275 1209 3328 (16
1237 3274 1367 3332 Lactantii

145 3380 268 3418 sermone
287 3364 382 3432 dicere,
411 3366 457 3418 sed
476 3365 545 3419 hanc
565 3365 703 3417 materiam
731 3366 816 3432 ipsam
844 3365 881 3417 ita
900 3364 1057 3418 adumbrare
1083 3366 1114 3416 111
1131 3363 1217 3417 multa
1240 3363 1368 3432 syntaxin

146 3453 287 3521 praecipue
306 3454 452 3521 spectantia
469 3453 547 3521 plane
566 3453 757 3505 desiderentur.
795 3452 847 3505 Sed
866 3468 898 3505 116
917 3452 1078 3505 Κ611161111116
1097 3452 1204 3520 quidem
1228 3450 1295 3504 illud
1319 3452 1364 3504 de·

143 3541 273 3607 siderium
302 3540 427 3608 explerit.
464 3541 532 3594 Nam
561 3557 595 3593 ex
622 3541 657 3593 iis
686 3557 754 3608 quae
782 3540 925 3594 Brandtius
951 3540 1079 3616 (QWiener
1106 3535 1366 3609 Sitzungsberichte'r

145 3629 199 3683 vol.
221 3629 280 3695 125,
305 3647 348 3698 pg.
369 3631 403 3683 36
422 3629 472 3698 sq.)
491 3628 581 3683 attulit
606 3633 632 3680 61
655 3645 689 3681 ex
714 3630 933 3696 adnotationibus,
953 3645 1019 3697 quas
1044 3629 1113 3682 iufra
1139 3629 1266 3695 invenies,
1291 3628 1369 3696 plane

144 3721 256 3787 apparet
273 3717 447 3772 Kebreinium
466 3718 573 3786 saepius
591 3718 619 3769 111
633 3734 733 3771 6116166
751 3718 883 3771 incidisse.
920 3717 1054 3771 Nonnulla
1067 3718 1175 3786 quidem
1193 3717 1370 3770 inveniuntur

143 3807 217 3874 apud
241 3806 406 3875 Draegerunr
434 3805 513 3874 (Hist.
533 3806 608 3874 Synt.
633 3807 670 3874 lt)
696 3808 723 3858 61
750 3807 820 3874 apud
839 3805 1012 3859 Woeltlinum
1040 3806 1159 3872 (Archiv.
1186 3805 1311 3874 lexicogr.
1340 3809 1367 3857 et

144 3911 256 3964 gramm.
276 3894 342 3963 lat),
361 3895 408 3948 sed
426 3911 512 3963 pauca
531 3897 595 3947 sunt
613 3897 712 3947 ettam
731 3895 848 3962 disperse
867 3895 951 3962 posita
975 3897 1006 3946 ut
1024 3910 1101 3948 nemo
1120 3895 1170 3948 sibi
1189 3895 1365 3947 1616111116-

145 3984 235 4053 ginem
254 3984 327 4050 artie,
347 3999 414 4051 quae
433 3986 473 4036 661
491 3983 630 4050 Lactantii,
650 3984 837 4052 grammaticae
856 3983 1012 4036 adumbrare
1031 3983 1122 4050 possit.

252 4094 263 4124 '²
283 4089 355 4154 Quin
374 4090 455 4143 etiam
468 4089 628 4142 Kelrreinius
647 4089 693 4142 ille
712 4091 742 4141 111
755 4088 869 4143 Caecilio
884 4093 911 4141 61
923 4089 1060 4142 Lactantio
1078 4089 1149 4141 idem
1163 4103 1245 4158 genus
1258 4087 1366 4140 dicendi

76 4170 81 4180 '
143 4195 204 4232 esse
223 4179 351 4246 ostendat,
367 4179 515 4246 quaestioni
535 4179 694 4232 satisfecisse
714 4194 742 4231 se
761 4180 835 4230 ratus
855 4181 903 4243 est,
922 4178 945 4230 si
964 4193 1059 4246 genere
1079 4178 1183 4231 dicendi
1198 4176 1369 4231 Ciceroniano

143 4266 294 4321 Caecilium
313 4267 352 4319 uti
371 4267 592 4321 demonstrarent
611 4267 667 4337 1611.
687 4266 704 4320 l.
725 4283 747 4320 o.
767 4282 808 4335 pg.
830 4266 883 4334 23).
