2940 4734
722 159 763 222 lo

131 395 152 436 o
167 371 349 452 temporibus
372 373 439 434 uos
461 371 522 450 finit
543 373 721 447 occeanus
745 371 759 432 Ι
784 373 834 446 21,
861 373 900 433 16
924 371 962 434 ob
984 375 1042 436 isio
1057 394 1167 453 penem
1184 396 1345 440 semorum

130 499 194 542 acu
217 481 348 542 minoris
370 479 519 541 insanior
542 477 716 540 iudicando
732 481 807 539 sont
826 477 952 556 publicu
975 479 1029 543 illo
1045 500 1146 544 socru

238 763 324 827 Haec
347 761 442 825 habui
466 761 503 824 dc
526 760 682 824 Lactanlii
711 780 770 824 usu
794 780 924 824 casuum
948 781 1026 844 quae
1050 763 1191 829 dicerem.
1244 767 1346 849 Atque

135 873 172 933 ut
195 889 231 934 cx
253 870 291 932 iis
316 887 394 950 quae
418 867 509 930 attuli
533 885 689 929 summam
714 867 937 948 quodammodo
971 869 1111 945 ciliciam,
1147 873 1223 936 satis
1253 893 1347 956 appa-

131 995 198 1040 rere
221 978 294 1058 puto
318 974 514 1038 Lactantium
537 973 569 1035 in
592 973 630 1036 iis
660 973 752 1036 rebus
774 974 995 1053 grammaticis,
1018 977 1051 1039 iu
1085 977 1196 1058 quibus
1231 981 1346 1060 singuli

133 1083 297 1164 scriptores
319 1081 453 1144 maxime
476 1079 508 1142 in
524 1078 659 1142 diversas
682 1083 785 1161 partes
809 1080 976 1154 discedant,
993 1083 1114 1164 saepius
1131 1103 1190 1159 eos,
1207 1086 1259 1165 qui
1277 1091 1346 1167 post

132 1187 287 1252 Ciceronis
310 1190 450 1268 tempora
473 1186 607 1261 fuerunt,
632 1188 662 1248 et
684 1189 788 1267 poetas
812 1191 954 1250 secutum
978 1207 1043 1252 esse
1072 1189 1163 1270 idque
1192 1187 1345 1272 imprimis

131 1295 213 1359 cerni
237 1294 337 1358 studio
361 1293 454 1356 dativi
478 1312 554 1356 usus
578 1296 608 1356 et
631 1292 753 1356 fastidio
776 1294 1008 1375 praepositionis
1031 1296 1062 1358 in
1094 1297 1192 1361 verbis
1223 1316 1343 1379 compo·

131 1402 199 1465 sitis
222 1400 447 1464 conformandis
471 1399 661 1481 repetendae.
710 1398 777 1477 Qua
801 1418 832 1462 rc
856 1400 977 1480 cognita
1001 1402 1156 1465 solvamus
1187 1404 1340 1483 quaestio-

130 1527 201 1572 nem
225 1527 297 1589 quo
319 1507 402 1569 iure
426 1507 655 1588 appelletur
678 1505 909 1569 Lactantius
934 1505 1065 1571 Cicero
1089 1509 1342 1573 christianus.

129 1614 252 1696 Duplici
275 1617 380 1677 autem
403 1613 519 1676 ratione
543 1612 716 1694 responderi
739 1631 826 1692 posse
849 1616 932 1694 puto.
978 1595 1009 1677 Si
1026 1615 1205 1697 scriptorem
1222 1616 1344 1678 christi-

130 1739 235 1797 anum,
258 1723 295 1783 ut
317 1719 439 1783 nominc
464 1717 616 1781 Ciceronis
646 1718 805 1781 christiani
836 1718 948 1798 dignus
979 1720 1027 1795 sit,
1063 1740 1079 1785 e
1103 1721 1238 1801 vestigiis
1273 1723 1340 1785 eius

129 1846 269 1908 unquam
311 1825 452 1891 excedere
483 1827 578 1899 votae,
622 1823 822 1887 Lactantium
856 1826 921 1888 iure
955 1826 1006 1888 illo
1040 1828 1162 1890 nomine
1198 1829 1344 1910 appellari

129 1935 203 2016 quin
227 1951 337 2014 negem
360 1931 460 1994 iacere
490 1949 551 1993 non
579 1949 713 2012 possum.
769 1929 822 1993 Sin
858 1935 963 1994 autem
997 1933 1049 1994 illo
1085 1935 1208 1997 nomine
1243 1935 1342 1999 lenius

127 2059 204 2104 usus
228 2039 399 2120 siguificare
421 2039 477 2112 ris,
501 2036 703 2100 Lactantium
726 2055 835 2116 genere
859 2037 979 2100 dicendi
1002 2039 1145 2102 omnibus
1159 2042 1340 2121 aequalibus

128 2147 308 2210 antecellere
332 2163 428 2225 aeque
453 2162 488 2207 ac
512 2141 688 2206 Ciceronem
713 2143 785 2216 suis,
809 2161 868 2206 non
900 2162 1034 2225 repugno
1063 2147 1228 2225 quominus
1259 2146 1340 2211 Cice·

127 2271 236 2316 roncm
259 2251 461 2314 christianum
484 2268 556 2312 eum
580 2249 721 2331 appelles.
766 2249 846 2312 Nam
870 2250 918 2313 rel
941 2269 976 2314 ex
999 2270 1061 2314 una
1085 2253 1222 2332 syntaxis
1245 2257 1340 2334 parte,

127 2360 158 2422 in
182 2377 276 2440 quam
299 2357 526 2438 inquisivimus,
548 2356 735 2434 intellegitur
763 2353 960 2419 Lactantium
993 2358 1133 2421 licentiae
1163 2359 1340 2440 aequalium

127 2465 224 2529 etita
252 2467 440 2545 temperasse
475 2465 510 2525 ut
544 2461 690 2526 terminos
714 2480 732 2524 a
757 2460 900 2526 Cicerone
935 2465 1118 2527 constitutos
1152 2484 1211 2527 uon
1246 2467 1341 2529 nimis

128 2575 340 2650 transgressus
365 2570 413 2644 sit,
439 2572 469 2631 et
492 2571 615 2631 tanturn
639 2567 802 2633 indulsisse
827 2573 978 2650 quantum
1003 2567 1105 2634 Cicero
1128 2571 1200 2652 ipse,
1233 2572 1259 2634 si
1291 2591 1342 2635 ae·

126 2680 191 2742 tate
207 2675 362 2740 Lactantii
384 2674 545 2749 floruisset,
562 2675 727 2737 obsecutus
744 2679 832 2739 esset.
872 2674 941 2751 Sed,
958 2679 1113 2757 utcunque
1129 2695 1221 2740 resse
1237 2678 1340 2754 babet,

127 2801 249 2848 summa
261 2782 352 2845 huius
366 2780 555 2862 quaestionis
569 2780 725 2844 admoneri
733 2778 890 2856 debemus,
903 2801 941 2845 nc
949 2783 987 2845 ad
998 2783 1208 2863 quaestionem
1222 2782 1260 2846 de
1269 2784 1340 2848 libri

127 2889 222 2986 tdeM.
231 2874 405 2954 P.'auctore
414 2886 925 2969 dissolvendamargumento,quod
934 2888 970 2951 ad
979 2888 1203 2968 genusdicendi
1212 2893 1339 2971 spectat,

125 2999 262 3071 utamur,
280 2994 425 3075 quoniam
442 2993 621 3083 Lactantius
637 3012 696 3056 uon
712 2997 777 3056 tam
787 3013 876 3076 prope
885 2995 924 3057 ad
936 2993 1086 3058 Ciceronis
1095 3014 1190 3075 genus
1201 2997 1338 3071 accessit,

125 3105 161 3166 ut
171 3103 283 3165 librum
300 3101 397 3176 illum,
415 3100 524 3182 quippe
541 3100 671 3180 quinon
688 3098 839 3163 Ciceronis
860 3101 1022 3164 imitatoris
1039 3120 1105 3164 esse
1120 3102 1224 3182 possit,
1248 3102 1287 3164 ab
1303 3121 1338 3166 ec

125 3207 295 3272 abiudicari
327 3225 452 3270 necesse
488 3206 536 3281 sit,
575 3224 673 3286 neque
708 3209 773 3268 tam
809 3207 896 3286 longe
931 3207 1071 3269 discessit
1105 3210 1149 3282 ut,
1185 3207 1265 3288 quod
1299 3207 1337 3270 ad

124 3315 203 3377 hanc
226 3313 377 3376 rationem
402 3312 522 3387 attinet,
556 3311 620 3374 sine
651 3310 743 3373 dubio
778 3313 943 3376 attribuere
977 3313 1143 3393 possimus,
1184 3311 1336 3389 Ceterum,

125 3439 196 3482 cum
220 3437 331 3482 nomen
356 3416 507 3482 Ciceronis
531 3417 689 3480 christiani
717 3417 768 3479 illo
802 3417 891 3480 modo
926 3418 1151 3492 circumscribo,
1175 3420 1336 3483 Lactantio

124 3527 199 3588 nibil
222 3525 351 3588 iniuriae
374 3524 439 3586 ficri
463 3543 481 3586 a
504 3541 553 3586 mc
577 3523 714 3587 arbitror.
761 3522 852 3598 Nam,
868 3528 904 3586 ut
927 3523 1100 3603 Madvigius
1123 3525 1262 3606 princeps
1284 3524 1333 3586 ille

123 3631 306 3714 philologiae
329 3630 483 3712 praeclare
506 3629 588 3704 dicit,
606 3630 750 3725 tpertinet
766 3629 805 3692 ad
828 3631 928 3710 ipsam
952 3631 1129 3711 philologiae
1152 3630 1335 3710 dignitatem

125 3737 292 3820 prudenter
314 3737 414 3816 magis
438 3754 534 3816 qnam
557 3734 751 3814 indulgenter
774 3735 893 3798 laudari
917 3737 1059 3817 antiquos
1089 3724 1290 3816 scriptorcs'.²

232 3935 240 3964 ¹
260 3930 293 3984 cl.
313 3929 469 3982 Brandtium
489 3927 537 4003 tZu
555 3926 606 3978 den
624 3926 841 3994 prdpositionalcn
860 3926 1104 3995 Umsohreibungcn
1128 3927 1175 3978 des
1193 3927 1243 3984 abl,
1264 3943 1335 3979 com-

125 4011 276 4087 parationis‘
296 4017 386 4086 (Areh.
405 4017 530 4084 lexicogr.
550 4017 576 4067 ct
594 4030 703 4083 gramm.
722 4014 767 4072 lat.
787 4015 839 4068 vol.
859 4015 927 4068 VIII
946 4033 986 4083 pg.
1007 4017 1076 4083 595).

229 4106 290 4159 ¹²cl.
310 4106 434 4174 praefato
453 4105 480 4157 in
500 4103 582 4157 Cicer.
602 4102 634 4155 dc
652 4102 694 4156 fin.
715 4120 756 4172 pg.
776 4103 851 4157 LIII.

570 4269 886 4289 *—
