2916 4732
160 349 292 412 aliorum
316 348 499 430 scriptorum
531 366 622 428 opera
653 348 700 419 vel
731 348 794 430 ipse
826 348 940 429 perlegi
964 348 1010 410 vel
1041 346 1193 410 indicibus
1217 345 1375 426 exploravi.

160 454 269 536 Neque
292 454 411 534 neglexi
435 453 646 517 adnotationes
670 453 817 533 Draegeri
833 473 930 534 neque
946 454 1077 516 aliorum
1093 452 1375 527 commentationes,
1396 480 1399 488 ·

160 579 239 643 quae
263 560 302 623 ad
325 561 405 623 hanc
428 578 493 622 rem
518 560 677 640 pertinent,
702 579 756 623 suo
780 567 916 641 tempore
940 558 1141 622 adnotandas.

610 739 927 747 ——.-—-———.

357 860 408 927 lle
431 878 576 927 casuum
598 861 825 946 obliquorum
847 879 913 926 usu
936 858 1179 926 Lactantiano.

266 1003 312 1066 Ad
343 1004 423 1066 hanc
452 1004 664 1084 quaestionem
691 1004 917 1068 dissolvendam
946 1003 1051 1066 omnia
1082 1019 1213 1065 casuum
1237 1000 1376 1080 exempla

161 1128 342 1174 enumerare
365 1129 441 1192 opus
465 1114 603 1184 nonest,
633 1111 778 1192 quoniam
803 1111 852 1173 hic
882 1113 929 1173 est
952 1109 1043 1173 cardo
1066 1127 1178 1182 rerum,
1207 1109 1244 1169 ut
1266 1123 1377 1186 cogno·

164 1233 289 1280 scamus
312 1235 407 1298 quam
431 1217 581 1279 rationem
605 1215 787 1279 Lactantius
811 1219 934 1280 secutus
958 1216 998 1278 sit
1020 1216 1051 1278 in
1080 1215 1117 1276 iis
1140 1213 1241 1286 rebus,
1265 1211 1376 1292 quibus

162 1322 277 1402 singuli
301 1323 462 1404 scriptores
480 1323 614 1386 manime
636 1323 821 1386 indiversus
838 1328 939 1404 partes
962 1321 1101 1385 abierint.
1147 1320 1254 1400 Neque
1270 1325 1375 1382 autem

160 1428 232 1491 huie
255 1429 429 1509 quaestioni
459 1427 671 1491 satisfacturos
706 1448 760 1492 nos
791 1448 857 1492 esse
890 1429 1086 1502 arbitramur,
1119 1428 1177 1489 nisi
1204 1425 1375 1499 verborum,

163 1552 242 1615 quae
258 1553 330 1598 cum
346 1535 431 1598 varia
447 1535 682 1599 conformatione
698 1535 836 1617 praedita
852 1535 933 1616 apud
950 1534 1146 1597 Lactantium
1169 1533 1374 1606 inveniuntur,

159 1641 264 1703 omnia
288 1642 427 1722 exempla
451 1642 706 1722 proposuerimus.
752 1641 886 1713 Etenim,
910 1659 982 1703 cum
1014 1660 1049 1702 ex
1074 1639 1272 1719 scriptoribus
1296 1637 1375 1700 alter

160 1746 289 1810 alteram
313 1747 582 1810 conformationem
607 1747 766 1828 praeferat,
790 1766 839 1809 res
856 1747 950 1809 etiam
971 1748 1004 1808 in
1030 1766 1064 1809 eo
1083 1749 1221 1808 versatur
1241 1748 1277 1807 ut
1300 1743 1374 1824 quid

73 1860 76 1864 ’
159 1856 243 1916 certa
265 1853 496 1928 consuetudine,
520 1854 595 1934 quid
625 1873 693 1916 raro
717 1858 902 1934 usurpatum
933 1854 973 1916 sit
1003 1852 1211 1915 diiudicetur.l
1256 1850 1374 1913 Eadem

159 1977 196 2020 ex
232 1977 326 2022 causa
363 1959 400 2022 de
439 1960 538 2022 verbis
580 1967 647 2022 turn
685 1978 792 2022 casum
830 1959 949 2021 nudum
980 1963 1047 2020 tum
1079 1958 1116 2021 de
1152 1956 1374 2038 praepositione

159 2064 342 2145 pendentem
365 2066 543 2145 regentibus
567 2065 788 2146 disputandum
811 2066 884 2128 ests

753 2331 777 2392 Ι.

564 2469 634 2548 De
663 2470 975 2550 Accusativo.

357 2698 360 2703 .
443 2628 479 2696 Α.
504 2629 544 2697 de
569 2629 765 2698 accusativo
790 2629 912 2698 obiecti
938 2628 1088 2715 simplici.

263 2821 402 2904 Linguae
418 2823 533 2887 latinae
551 2826 679 2906 aliisque
695 2826 831 2908 linguis,
847 2844 924 2905 quae
948 2826 1100 2897 dicuntur,
1116 2823 1373 2906 indogermaniois

157 2927 314 3006 proprium
338 2947 404 2992 esse
427 2933 556 3007 constat,
581 2933 669 3010 quod,
697 2950 895 3012 quaecunque
920 2932 1012 2995 verba
1036 2932 1187 2994 actionem
1211 2929 1260 2992 vel
1284 2930 1375 2993 affec-

158 3035 226 3094 tum
249 3032 282 3096 in
304 3053 370 3097 rem
392 3055 593 3116 personamve
616 3038 765 3101 directum
798 3039 942 3114 iudicant,
971 3058 1026 3118 per
1049 3057 1080 3100 se
1104 3039 1142 3100 ad
1165 3036 1376 3102 accusativum

157 3139 266 3204 obiecti
289 3141 521 3205 adsciscendum
544 3143 653 3207 idonea
677 3149 757 3208 sunt.
792 3145 899 3224 Neque
923 3147 1026 3208 autem
1058 3144 1161 3206 omnia
1183 3143 1268 3206 illius
1292 3142 1374 3204 modi

157 3247 251 3310 verba
274 3266 292 3310 a
315 3248 514 3329 scriptoribus
538 3251 687 3313 Romanis
711 3270 781 3314 oum
799 3251 973 3314 accersativo
991 3251 1153 3313 coniuncta
1168 3249 1376 3324 inveniuntur,

156 3353 208 3415 sed
231 3353 264 3416 in
286 3353 344 3417 hac
367 3373 399 3416 re
423 3357 522 3418 exstat
544 3374 694 3438 magnum
710 3358 873 3420 discrimen
890 3362 921 3419 et
937 3361 1111 3436 temporum
1128 3359 1158 3419 et
1180 3355 1375 3436 scriptorum.

156 3459 230 3521 Alia
253 3459 334 3522 enim
351 3459 443 3523 verba
467 3463 677 3525 accusativum
702 3463 760 3526 sibi
784 3464 951 3527 adsciscere
969 3464 1077 3539 solent,
1100 3462 1145 3526 ita
1168 3465 1203 3525 ut
1218 3462 1264 3524 vis
1287 3464 1374 3524 trau-

155 3565 248 3628 sitiva
269 3565 308 3629 iis
331 3566 419 3645 quasi
449 3567 557 3630 innata
584 3587 650 3630 esse
672 3570 822 3645 videatur,
852 3569 915 3631 alia
944 3569 982 3631 ab
1007 3588 1066 3631 nno
1098 3587 1168 3631 cum
1200 3568 1375 3630 accusativo

155 3671 319 3735 coniuncta
349 3672 387 3735 ab
417 3673 513 3736 altero
545 3674 610 3736 sine
637 3675 692 3737 illo
722 3694 794 3738 casu
825 3679 973 3755 usurpata
1003 3678 1088 3748 sunt3
1127 3693 1224 3755 neque
1255 3674 1375 3749 desunt,

261 3919 271 3949 ¹
291 3914 375 3980 Quod,
388 3920 450 3969 curn
469 3917 548 3972 facile
561 3918 665 3988 neglegi
677 3919 769 3987 possit,
788 3919 908 3973 hocloco
922 3920 1066 3973 notandum
1079 3934 1138 3972 esse
1151 3920 1222 3986 puto,
1241 3917 1374 3986 quoniam,

153 4003 177 4056 si
196 4004 259 4072 quid
277 4005 347 4072 apud
361 4020 444 4057 unum
456 4021 516 4060 raro
528 4007 686 4075 inveniatur,
700 4009 770 4076 quod
783 4008 816 4062 ab
828 4007 910 4062 altero
924 4012 996 4062 certa
1009 4007 1203 4061 consuetudine
1216 4009 1375 4074 usurpatum

153 4091 198 4157 sit,
218 4093 307 4146 minus
326 4093 481 4147 imitationis
500 4112 579 4163 quam
599 4097 769 4150 dissensionis
787 4097 897 4150 alterius
915 4098 983 4151 ratio
1002 4096 1143 4150 statuenda
1160 4100 1208 4150 est.

259 4199 340 4252 ‘²Cfr.
360 4198 510 4254 Lattmann.
530 4201 557 4254 in
577 4202 843 4258 Fleckeisenii·Masii
861 4219 922 4257 ann.
944 4203 1011 4256 1892
1029 4219 1070 4270 pg.
1092 4204 1151 4258 135.
