2916 4732
666 162 667 165 ‘
714 185 733 244 a

116 394 255 457 omnium
278 396 452 474 temporum
481 393 591 456 honore
615 393 714 467 fuerit,
746 398 898 475 quantum
914 395 953 460 L.
978 393 1128 457 Caecilius
1153 392 1330 456 Firmianus

118 499 301 564 Lactantius
333 499 391 562 sibi
423 500 612 580 comparauit
645 500 726 580 apud
757 501 897 563 homines
934 501 1092 572 litteratos,
1123 499 1235 579 quibus
1265 518 1347 591 con-A

119 605 249 669 cinnitas
274 605 429 680 sermonis,
461 608 545 669 recta
568 605 728 669 verborum
752 605 951 669 conformatio
975 605 1150 687 permagnis
1181 607 1254 667 sunt
1283 605 1336 668 de-

118 711 206 774 liciis.
255 710 342 790 Quod
359 730 466 774 verum
484 731 550 775 esse
567 712 733 774 multitudo
750 717 780 774 et
796 711 935 774 codicum
952 715 983 775 et
1005 711 1176 774 editionum
1192 714 1334 774 testatur.

119 817 212 880 Multi
235 818 319 880 enim
341 818 397 879 riri
422 818 487 880 eius
511 819 652 899 operibus
677 817 815 880 studium
839 822 869 879 et
892 837 1012 899 operam
1032 816 1185 881 dedebant
1208 816 1335 898 scripto-

118 941 242 1004 remque
278 923 409 986 summis
454 923 598 987 laudibus
633 923 793 988 efferentes
828 923 950 986 nomine
985 922 1138 987 Ciceronis
1173 923 1334 986 christiani

119 1029 247 1109 dignum
270 1029 430 1111 putabant.
476 1028 544 1092 lam
561 1029 796 1110 Hieronymus,1
813 1029 953 1109 quamvis
970 1029 1098 1092 docendi
1119 1029 1202 1091 illius
1218 1029 1335 1092 ratione

118 1154 179 1197 non
203 1139 284 1198 esset
307 1138 477 1210 contentus,
501 1138 606 1198 lamen
630 1135 821 1216 eloquentiae
846 1153 1003 1197 summam
1026 1134 1151 1197 laudern
1175 1135 1334 1197 attribuit:

118 1239 314 1314 Laetaritius
355 1241 466 1322 inquit,
496 1243 590 1321 quasi
625 1241 755 1321 quidum
789 1240 905 1318 fluuius
942 1239 1129 1320 eloquentiae
1159 1239 1334 1316 Tullianae,

117 1348 241 1410 uriuaru
263 1351 327 1410 talu
349 1351 458 1410 uoslm
473 1347 643 1426 adfirmare
661 1348 815 1426 potuisset
828 1367 922 1426 quani
937 1345 1029 1426 sueile
1050 1345 1155 1410 alicua
1171 1346 1333 1409 destruxit.

118 1453 158 1516 Et
188 1453 260 1517 inde
291 1455 329 1516 ab
353 1453 535 1534 Hieronymi
565 1453 753 1535 temporibus
783 1473 894 1516 nornen
918 1451 1070 1516 Ciceronis
1099 1453 1258 1516 christiani
1288 1454 1336 1515 vel

119 1559 217 1623 simile
244 1559 288 1621 illi
318 1559 413 1622 fuisse
445 1579 480 1624 ex
510 1560 694 1623 testimoniis
725 1563 851 1642 apparet
878 1579 956 1640 quae
981 1559 1222 1623 Buenemannus
1254 1577 1337 1621 com-

117 1668 273 1728 mentator
295 1666 345 1729 ille
361 1665 559 1728 doctissimus
583 1667 614 1728 in
638 1666 768 1729 editione
786 1685 842 1729 sua
857 1665 1017 1748 praefandi
1039 1684 1133 1728 causa
1149 1665 1335 1746 composuitz

118 1791 154 1836 ex
185 1772 298 1853 quibus
329 1772 385 1835 hoo
414 1791 513 1835 unum
545 1772 679 1847 afferam,
714 1773 793 1853 quod
823 1777 870 1835 est
893 1773 1099 1836 uberrimum:
1148 1772 1226 1851 Quis
1248 1771 1337 1850 apud

118 1896 176 1940 uos
197 1896 261 1941 ucri
284 1878 388 1941 uideat
417 1897 484 1940 esse
511 1875 694 1955 Ciceronem,
727 1878 781 1941 sed
811 1877 1018 1942 christianum
1047 1877 1101 1941 boe
1129 1881 1175 1972 est
1203 1875 1337 1957 aliquem

118 1985 173 2064 qui
202 2004 271 2047 euui
299 1983 343 2046 ad
372 1982 487 2046 liueaue
514 2003 707 2065 uuqiieuique
735 1984 946 2062 expresserit?
979 1986 1052 2065 quis
1080 1987 1161 2047 euiru
1192 2003 1255 2046 aaa
1279 1983 1336 2047 ud-

118 2091 206 2153 certit
220 2088 423 2154 Munatium
446 2088 650 2153 dirrraiauuui
672 2110 825 2170 aequasse
847 2092 950 2170 ipsura
973 2095 1001 2154 et
1022 2090 1098 2170 forte
1116 2088 1335 2169 puueeelluisee

119 2196 155 2258 iu
190 2195 379 2276 eloquendo?
432 2195 497 2259 Neo
532 2196 683 2259 dissimile
712 2197 771 2259 fuit
810 2197 960 2261 iudicium
994 2197 1144 2272 Krebsii,²
1178 2195 1337 2259 Walehii.3

119 2301 253 2366 Maxime
277 2305 383 2366 autern
407 2302 630 2366 Buenemanno
653 2303 711 2384 ipsi
727 2303 909 2366 Lactantius
933 2323 1043 2367 nomeu
1061 2301 1214 2366 Ciceronis
1237 2301 1336 2374 debet,

119 2407 229 2490 quippe
265 2408 319 2489 qui
354 2408 523 2490 permultos
560 2409 655 2472 locos>
676 2409 805 2482 adferat,
851 2411 962 2491 quibus
999 2408 1101 2473 Cicero
1146 2409 1334 2473 christianus

118 2515 343 2578 manifestetur.
399 2513 481 2592 Quos
523 2515 620 2578 secuti
657 2516 831 2596 quicunque
872 2516 908 2579 de
944 2514 1107 2579 Lactantio
1150 2516 1338 2596 seripserunt

120 2639 192 2683 eum
220 2621 342 2684 nomine
367 2619 520 2684 Ciceronis
551 2621 710 2684 christiani
740 2626 895 2687 exornant.
949 2622 989 2686 Et
1019 2622 1158 2704 profecto,
1190 2623 1216 2684 si
1247 2640 1338 2704 opera

119 2727 291 2808 perlegeris,
331 2746 402 2790 eum
433 2745 548 2806 magna
584 2746 655 2790 cum
687 2728 847 2808 diligentia
878 2732 914 2792 ut
945 2727 1126 2793 Ciceronem
1165 2728 1339 2791 imitaretur

121 2833 276 2897 studuisse
299 2833 454 2896 concedes.
501 2833 660 2897 Invenitur
683 2835 766 2898 enim
790 2835 872 2916 apud
896 2855 966 2899 eurn
991 2836 1098 2898 eadem
1122 2834 1183 2898 fere
1206 2833 1339 2897 facultas

120 2958 156 3002 ao
179 2939 264 3020 copia
288 2939 417 3003 dicendi.

226 3083 253 3145 3.
290 3079 376 3160 Quae
407 3100 479 3144 oum
510 3083 553 3144 ita
578 3083 648 3155 sint,
678 3083 795 3144 mirum
824 3082 952 3146 fortasse
976 3083 1106 3156 ridetur,
1137 3082 1217 3164 quod
1247 3100 1339 3162 quae-

120 3188 251 3250 stionem
275 3187 312 3250 de
342 3206 451 3268 genere
483 3187 603 3250 dicendi
627 3187 832 3250 Lactantiano
857 3193 1055 3270 suscepturus
1088 3187 1337 3251 commentationi

119 3293 246 3356 titulum
262 3293 421 3374 inscripsi:
448 3294 513 3373 Quo
535 3295 605 3357 iure
619 3292 807 3356 Lactantius
823 3293 990 3373 appelletur
1010 3293 1114 3358 Cicero
1136 3293 1336 3369 christianae,

119 3400 208 3480 quasi
238 3400 293 3462 ulli
325 3399 508 3463 dubitationi
539 3401 623 3483 locus
663 3401 711 3462 sit.
759 3400 819 3463 Sed
849 3420 886 3464 ne
922 3402 1019 3463 ullam
1050 3419 1068 3464 a
1096 3421 1147 3464 me
1176 3399 1338 3463 Lactantio

119 3506 264 3568 iniuriam
287 3506 352 3568 fieri
376 3510 474 3586 putes,
499 3507 633 3587 primum
657 3506 865 3570 animadverte
888 3507 926 3569 ad
949 3507 1168 3570 illustrandum
1184 3500 1337 3569 Lactantii

119 3631 216 3692 genus
254 3612 373 3675 dicendi
415 3631 564 3692 magnum
601 3613 814 3676 adiumentum
850 3614 881 3676 in
918 3613 1143 3695 comparatione
1184 3610 1337 3676 Ciceronis

118 3718 253 3799 positum
284 3737 367 3799 esse;
410 3718 518 3782 deinde
551 3723 687 3799 spectare
722 3723 752 3784 te
783 3720 882 3793 velim,
921 3719 993 3800 quid
1024 3720 1101 3781 illud
1137 3737 1249 3782 nomen
1280 3718 1338 3781 sibi

226 3951 235 3979 ¹
255 3946 306 4000 Cfr.
326 3946 401 4015 Corp.
422 3947 511 4014 script.
532 3945 596 4000 ecel.
615 3945 660 4000 lat.
680 3945 793 4000 XXVH
812 3965 854 4016 pg.
875 3947 924 4000 161
944 3962 1001 4015 sqq.
1021 3945 1130 4020 (Cretera
1150 3947 1182 3999 do
1200 3946 1337 4000 Lactantio

118 4027 290 4102 testimonia’,
309 4034 463 4103 Hieronym.
483 4035 560 4103 epist,
580 4037 622 4103 58,
642 4035 694 4103 10).

227 4145 237 4175 2
257 4141 307 4195 Cfr.
322 4141 465 4215 *Krebsius
485 4142 517 4194 de
536 4141 596 4196 stilo
615 4119 755 4195 Laetantii.
775 4141 858 4196 Halae
878 4142 955 4195 1706.

226 4247 307 4301 inr.
327 4248 384 4302 Ioh.
405 4248 498 4318 Georg.
518 4247 635 4303 Walchii
655 4247 716 4303 edit.
735 4249 806 4317 Lips
828 4249 904 4316 1715,
923 4264 981 4317 pag.
1003 4249 1117 4302 57-63.
