2916 4732
712 170 750 231 11

116 379 306 460 facultatem,
329 382 497 463 anqustios
514 383 668 461 conqueri.
708 383 754 444 Ex
769 382 817 444 his
835 382 982 462 exemplis
1006 381 1117 445 adlatis
1141 381 1339 445 Lactantium

117 505 154 549 ea
175 487 245 569 lege
272 488 370 551 teneri
402 492 537 569 apparet,
573 491 606 552 ut
630 487 761 568 simplex
785 487 912 551 verbum
940 506 1010 551 curn
1034 488 1256 568 praepositione
1280 475 1339 580 ‘de'

119 592 259 676 (excepto
282 595 450 658 accusativi
472 595 663 676 pronominis
679 593 830 675 exemplo)
856 594 1031 675 coniungat,
1059 594 1262 674 compositum
1286 612 1338 657 ac·

119 699 259 763 cusativo
282 698 423 764 subiciat.

224 841 380 904 pavere:
411 823 514 900 val,
543 823 725 904 lfuqitoot
753 825 850 907 iustos
878 827 906 885 et
929 825 1052 901 paueat.
1104 823 1219 886 Eodem
1248 825 1339 886 modo
1393 855 1396 864 ·

119 927 178 991 hoo
207 928 331 992 verbnm
360 932 510 1011 usurpant
538 930 688 993 Horatius
723 929 830 1011 (earm.
860 930 889 1005 4,
920 931 948 1004 5,
981 930 1039 1002 25;
1074 929 1158 1025 epod.
1193 930 1242 1003 12,
1273 930 1339 1011 25),

120 1031 288 1097 Sallustius
313 1033 392 1117 (Cat.
416 1037 467 1111 31,
491 1035 534 1118 3),
558 1035 684 1099 Tacitus
707 1034 748 1118 (a.
773 1036 801 1111 5,
825 1033 869 1117 4),
893 1053 954 1098 non
977 1032 1090 1098 Cicera.

226 1161 410 1222 tremere:
440 1159 455 1222 I
479 1162 531 1235 22,
566 1161 604 1222 13
634 1160 736 1222 tremit
763 1157 838 1234 aaa
868 1159 949 1238 quod
979 1176 1051 1221 sane
1080 1176 1115 1221 ex
1143 1157 1254 1221 Lucilii
1283 1157 1337 1220 lib.

121 1263 180 1326 XV
215 1263 287 1346 (frg.
322 1264 365 1345 II)
402 1266 617 1346 depromptum
653 1269 707 1328 est.
768 1263 827 1327 Sed
861 1265 1041 1327 Lactantius
1079 1265 1186 1326 eadem
1220 1263 1340 1327 ratione

120 1370 239 1432 dicendi
263 1369 374 1433 utitur:
410 1370 435 1431 V
462 1373 512 1441 13,
538 1373 576 1434 17
600 1389 664 1433 noro
684 1369 869 1449 praesidum
890 1367 1010 1450 placitos
1033 1372 1173 1431 tremunt.
1228 1367 1341 1432 Confer

122 1475 216 1538 etiam
241 1473 331 1556 Cypr.
355 1496 383 1556 p.
408 1478 481 1552 567,
508 1479 572 1540 101
596 1481 721 1540 tremere
745 1475 842 1538 darm.

183 1621 184 1624 ¹
311 1599 347 1682 β)
370 1600 472 1676 verba,
496 1601 606 1682 quibus
630 1602 710 1664 inest
733 1601 779 1663 vis
811 1601 952 1663 nievendi
976 1600 1024 1662 vel
1055 1599 1154 1674 eundi,
1183 1599 1345 1679 simplicia.

393 1704 481 1784 Quod
505 1706 544 1770 ad
573 1708 648 1769 haec
671 1707 782 1770 attinet
807 1705 984 1769 Lactantius
1009 1706 1046 1768 ad
1069 1703 1224 1768 Ciceronis
1247 1705 1343 1768 vesti-

392 1813 442 1893 gia
466 1813 590 1894 propius
613 1813 729 1876 accedit
752 1812 879 1875 licentia
895 1812 1069 1892 aequalium
1099 1811 1219 1874 reiecta.
1259 1810 1343 1874 Nam

394 1919 500 1981 eadem
524 1919 641 1982 ratione
665 1923 794 1981 utuntur
817 1918 865 1980 his
890 1917 1002 1980 verbis:

230 2042 379 2105 intrare
412 2061 481 2105 crim
512 2043 687 2106 accusativo
717 2042 914 2124 coniungitur
946 2040 1069 2116 11120,
1101 2040 1269 2116 leonicum
1299 2041 1342 2102 lV

124 2151 176 2223 30,
203 2150 240 2212 11
265 2146 319 2210 lieo
341 2147 484 2227 ternplum
507 2148 566 2226 clei,
596 2149 677 2228 qaoel
700 2149 823 2227 siquis
846 2167 910 2210 noro
933 2149 1099 2211 introierit
1120 2145 1166 2209 net
1187 2168 1208 2209 o
1232 2166 1290 2224 q'no
1314 2147 1345 2207 si

124 2255 194 2332 quis
217 2255 334 2317 enauit.
375 2256 443 2318 Hoc
467 2255 562 2318 altero
593 2256 658 2317 loco
683 2255 849 2317 Brandtius
873 2253 997 2334 praebet
1019 2253 1181 2316 lectionem
1206 2271 1264 2331 qao
1287 2269 1343 2332 pro

124 2359 223 2439 quod;
260 2361 400 2442 equidem
437 2380 508 2424 eum
538 2361 690 2424 codiceB
720 2360 857 2422 omnium
889 2360 1098 2422 vetustissimo
1123 2362 1153 2422 et
1182 2356 1202 2421 S
1232 2359 1341 2421 malim

125 2465 213 2544 quenl,
239 2484 309 2529 cum
333 2469 371 2531 ad
395 2466 622 2530 substantivum
639 2464 782 2544 templana
797 2465 1020 2546 respiciendum
1037 2465 1086 2527 sit.
1121 2463 1190 2542 Qua
1212 2464 1343 2527 lectione

126 2571 258 2636 efficitur
281 2576 316 2636 ut
338 2574 437 2637 altera
460 2591 531 2653 pars
555 2573 650 2635 totius
673 2571 824 2635 enuntiati
856 2570 889 2652 (o
912 2590 970 2650 quo
993 2571 1056 2634 scil.
1087 2568 1217 2650 templo)
1242 2571 1342 2650 magis

125 2679 307 2759 respondeat
334 2679 427 2760 priori
456 2678 538 2758 quod
567 2679 620 2759 (so.
652 2676 826 2759 templum).
865 2713 902 2721 —
939 2677 1144 2740 Accusativus
1175 2677 1344 2739 contrade
1426 2755 1429 2762 Ι

123 2785 346 2865 praepositione
372 2771 425 2880 ‘in'
443 2786 577 2865 pendens
601 2784 756 2847 invenitur
778 2784 818 2846 lr.
835 2784 873 2846 D.
890 2784 941 2858 24,
957 2784 977 2844 4
1003 2784 1036 2845 io
1051 2781 1216 2861 hospitium
1231 2780 1344 2844 inuncti

122 2887 217 2952 leui-os
240 2892 437 2955 intravimus.

232 3019 441 3095 penetrare
465 3015 643 3078 Lactantius
668 3016 774 3076 eontra
795 3012 938 3075 Tacitum
950 3012 970 3087 ²,
993 3012 1119 3074 Florum
1144 3010 1348 3091 aequalesque

123 3138 193 3183 cum
216 3122 390 3184 accusativo
415 3106 474 3216 tad'
498 3121 716 3202 praepositioni
740 3119 877 3182 subiecto
898 3118 1057 3199 coniungit
1080 3118 1124 3180 ita
1146 3120 1181 3179 ut
1205 3114 1344 3180 Ciceroni

123 3226 212 3289 fidem
236 3231 385 3307 praestet:
432 3227 459 3288 V
484 3230 513 3302 2,
542 3229 561 3291 3
585 3226 629 3288 coel
652 3226 827 3301 amicitiem
857 3223 912 3305 Op.
938 3226 966 3300 8,
996 3226 1015 3286 9
1045 3223 1089 3284 ael
1116 3241 1260 3299 sensum
1295 3224 1344 3298 lu,

122 3334 173 3396 20.
202 3368 243 3378 -
275 3333 333 3396 His
356 3333 482 3414 adiungi
511 3337 640 3414 possunt
673 3333 766 3395 verba
797 3330 1010 3412 navigandi
1042 3332 1072 3392 et
1103 3328 1345 3405 ambulandi,

42 3431 44 3436 ’
121 3456 249 3514 qumum
284 3439 369 3502 locus
402 3438 555 3503 Ciceronis
590 3439 640 3501 hic
675 3442 722 3500 est
751 3437 933 3518 singularis:
969 3436 1035 3499 Fin.
1059 3437 1088 3510 2,
1118 3436 1159 3497 34
1188 3453 1256 3496 ciera

120 3547 223 3608 amrin
251 3543 477 3622 ambulavisset,
508 3548 624 3607 torrem
653 3545 842 3623 oooiqosset.
906 3541 1124 3605 Conferantur:
1154 3540 1238 3603 Laet.
1268 3541 1341 3604 inst.

121 3650 181 3713 Vll
205 3652 234 3725 4,
261 3651 300 3714 18
323 3649 546 3731 loepeloqas:
568 3650 698 3730 quistet
720 3650 866 3729 isaiaque·
901 3649 983 3730 Epit.
1000 3649 1051 3723 64,
1074 3650 1094 3710 3
1117 3646 1189 3726 qais
1211 3646 1345 3725 aaroniqot

121 3755 230 3820 inuare?
265 3791 307 3801 -
333 3757 435 3820 Verbi
467 3759 570 3819 autem
612 3755 791 3819 ambulandi
828 3755 1002 3836 exemplum
1033 3753 1156 3834 praebet
1188 3752 1341 3832 imparem

228 4041 236 4070 ¹
256 4036 327 4091 uuit.
346 4035 466 4091 Hartelii.

226 4143 335 4214 2quen,
355 4142 627 4197 deFlo1·ohistorieo
653 4141 810 4197 elocutionis
835 4140 956 4195 Taciteee
980 4140 1121 4208 imitatore,
1139 4140 1252 4194 110ηο01.
1274 4138 1345 4193 1882

119 4250 161 4302 pg.
182 4233 223 4288 16.
